<record xmlns="http://www.loc.gov/MARC21/slim" xmlns:xsi="http://www.w3.org/2001/XMLSchema-instance" xsi:schemaLocation="http://www.loc.gov/MARC21/slim http://www.loc.gov/standards/marcxml/schema/MARC21slim.xsd"><leader>     nam a22        4500</leader><controlfield tag="001">002820630</controlfield><controlfield tag="003">NNU</controlfield><controlfield tag="006">m        d        </controlfield><controlfield tag="007">cr cn |||m|||a</controlfield><controlfield tag="008">150313s1969    iq      ob    010 0 ara  </controlfield><datafield ind1=" " ind2=" " tag="040"><subfield code="a">NNU</subfield><subfield code="b">eng</subfield><subfield code="c">NNU</subfield></datafield><datafield ind1=" " ind2=" " tag="043"><subfield code="a">a-iq---</subfield></datafield><datafield ind1="0" ind2=" " tag="050"><subfield code="a">PJ7840.A85</subfield><subfield code="b">Z57</subfield></datafield><datafield ind1="0" ind2="0" tag="245"><subfield code="a">Mu&#7717;ammad Mahd&#299; al-Jaw&#257;hir&#299;</subfield><subfield code="h">[electronic resource] :</subfield><subfield code="b">dir&#257;s&#257;t naqd&#299;yah,</subfield><subfield code="c">a&#699;addah&#257; far&#299;q min al-kutt&#257;b al-&#699;Ir&#257;q&#299;y&#299;n. Ashrafa &#699;al&#225; i&#7779;d&#257;rih&#257; H&#257;d&#299; al-&#699;Alaw&#299;.</subfield></datafield><datafield ind1=" " ind2=" " tag="260"><subfield code="a">Baghd&#257;d</subfield><subfield code="b">[Maktabat al-Andalus]</subfield><subfield code="c">1969.</subfield></datafield><datafield ind1=" " ind2=" " tag="300"><subfield code="a">online resource (214 p.)</subfield></datafield><datafield ind1=" " ind2=" " tag="500"><subfield code="a">Part of the Arabic Collections Online (ACO) project, contributed by New York Univeristy Libraries.</subfield></datafield><datafield ind1=" " ind2=" " tag="504"><subfield code="a">Includes bibliographical references.</subfield></datafield><datafield ind1=" " ind2=" " tag="505"><subfield code="a">Min ri&#7717;lat al-fikr wa-al-ta&#7717;awwul, li-H&#257;d&#299; Alaw&#299;--Sh&#257;&#699;ir wa-&#7717;&#257;kim wa-madan&#299;yah, li-Jabr&#257; Ibr&#257;h&#299;m Jabr&#257;.--Min ghurbah &#7717;att&#225; wa&#699;y ghurbah, li-Fawz&#299; Kar&#299;m.--Jaw&#257;hir&#299; wa-tur&#257;th, li-H&#257;shim Ta&#699;&#699;&#257;n--Ma&#699;a mar&#700;ah, li-D&#257;w&#363;d Sall&#363;m.--Lughat shi&#699;r &#699;inda Jaw&#257;hir&#299;, li-Ibr&#257;h&#299;m al-Samarr&#257;&#700;&#299;.--Jaw&#257;hiri&#818; &#7779;ih&#257;f&#299;yan, li-Sal&#299;m T&#257;h&#257; Takr&#299;t&#299;.</subfield></datafield><datafield ind1=" " ind2=" " tag="533"><subfield code="a">Electronic reproduction.</subfield><subfield code="b">New York, N.Y. :</subfield><subfield code="c">New York University,</subfield><subfield code="d">2015.</subfield><subfield code="5">NNU</subfield></datafield><datafield ind1="1" ind2="0" tag="600"><subfield code="a">Jaw&#257;hir&#299;, Mu&#7717;ammad Mahd&#299;,</subfield><subfield code="d">1900-</subfield></datafield><datafield ind1="1" ind2=" " tag="700"><subfield code="a">&#699;Alaw&#299;, Hsad&#299;,</subfield><subfield code="d">1932-</subfield></datafield><datafield ind1="2" ind2=" " tag="710"><subfield code="a">New York University.</subfield><subfield code="b">Libraries.</subfield></datafield><datafield ind1="0" ind2=" " tag="730"><subfield code="a">Arabic Collections Online.</subfield></datafield><datafield ind1="0" ind2="8" tag="776"><subfield code="i">Print version:</subfield><subfield code="t">Mu&#7717;ammad Mahd&#299; al-Jaw&#257;hir&#299;</subfield><subfield code="w">(NNU)002820630</subfield><subfield code="w">(DLC)75962120</subfield></datafield><datafield ind1="4" ind2="0" tag="856"><subfield code="u">http://hdl.handle.net/2333.1/r2280js2</subfield></datafield><datafield ind1=" " ind2=" " tag="959"><subfield code="a">NNU</subfield><subfield code="b">WEB</subfield><subfield code="c">GENI</subfield><subfield code="t">0</subfield><subfield code="m">Electronic access</subfield><subfield code="s">01</subfield></datafield><datafield ind1=" " ind2=" " tag="999"><subfield code="i">NNU_002820630</subfield><subfield code="s">nyu_aco000520</subfield><subfield code="e">(ERROR-880)</subfield></datafield></record>